@article{JMLR:v16:garcia15a,
  author  = {Javier Garc{{\'i}}a and Fernando Fern{{\'a}}ndez},
  title   = {A Comprehensive Survey on Safe Reinforcement Learning},
  journal = {Journal of Machine Learning Research},
  year    = {2015},
  volume  = {16},
  pages   = {1437-1480},
  url     = {http://jmlr.org/papers/v16/garcia15a.html}
}

@book{Sutton:1998:IRL:551283,
 author = {Sutton, Richard S. and Barto, Andrew G.},
 title = {Introduction to Reinforcement Learning},
 year = {1998},
 isbn = {0262193981},
 edition = {1st},
 publisher = {MIT Press},
 address = {Cambridge, MA, USA},
} 

@phdthesis{Alsolami2012Auth,
    title    = {Approximate Solutions to Markov Decision Processes},
    school   = {School of Computer Science Carnegie Mellon University},
    author   = {J. Gordon},
    year     = {June 1999},
    type     = {{PhD} dissertation},
}

@inproceedings{Boutilier_Lu:uai16,
      author = "Craig Boutilier and Tyler Lu",
      title = "Budget Allocation using Weakly Coupled, Constrained Markov Decision Processes",
      booktitle = "Proceedings of the 32nd Conference on Uncertainty in Artificial Intelligence (UAI-16)",
      pages = "52--61",
      address = "New York",
      year = "2016",
}}


                                                                                                                                                                                                                                                                                                                                                                                                                                                                                                                                                                                                                                                                        J. Gordon June 1999